@misc{pang2002thumbs,
      title={Thumbs up? Sentiment Classification using Machine Learning Techniques}, 
      author={Bo Pang and Lillian Lee and Shivakumar Vaithyanathan},
      year={2002},
      eprint={cs/0205070},
      archivePrefix={arXiv},
      primaryClass={cs.CL}
}

@article{aliman2022sentiment,
  title={Sentiment analysis using logistic regression},
  author={Aliman, G and Nivera, Tanya Faye S and Olazo, Jensine Charmille A and Ramos, Daisy Jane P and Sanchez, Chris Danielle B and Amado, Timothy M and Arago, Nilo M and Jorda Jr, Romeo L and Virrey, Glenn C and Valenzuela, Ira C},
  journal={Journal of Computational Innovations and Engineering Applications},
  volume={7},
  number={1},
  pages={35--40},
  year={2022}
}

@article{hinton2006reducing,
  title={Reducing the dimensionality of data with neural networks},
  author={Hinton, Geoffrey E and Salakhutdinov, Ruslan R},
  journal={science},
  volume={313},
  number={5786},
  pages={504--507},
  year={2006},
  publisher={American Association for the Advancement of Science}
}

@article{2014Convolutional,
  title={Convolutional Neural Networks for Sentence Classification},
  author={ Kim, Yoon },
  journal={Eprint Arxiv},
  year={2014},
}

@book{chua1998cnn,
  title={CNN: A paradigm for complexity},
  author={Chua, Leon O},
  volume={31},
  year={1998},
  publisher={World Scientific}
}

@inproceedings{socher2011parsing,
  title={Parsing natural scenes and natural language with recursive neural networks},
  author={Socher, Richard and Lin, Cliff C and Manning, Chris and Ng, Andrew Y},
  booktitle={Proceedings of the 28th international conference on machine learning (ICML-11)},
  pages={129--136},
  year={2011}
}

@article{hochreiter1997long,
  title={Long short-term memory},
  author={Hochreiter, Sepp and Schmidhuber, J{\"u}rgen},
  journal={Neural computation},
  volume={9},
  number={8},
  pages={1735--1780},
  year={1997},
  publisher={MIT press}
}

@article{greff2016lstm,
  title={LSTM: A search space odyssey},
  author={Greff, Klaus and Srivastava, Rupesh K and Koutn{\'\i}k, Jan and Steunebrink, Bas R and Schmidhuber, J{\"u}rgen},
  journal={IEEE transactions on neural networks and learning systems},
  volume={28},
  number={10},
  pages={2222--2232},
  year={2016},
  publisher={IEEE}
}

@article{tang2015target,
  title={Target-dependent sentiment classification with long short term memory},
  author={Tang, Duyu and Qin, Bing and Feng, Xiaocheng and Liu, Ting and others},
  journal={arXiv preprint arXiv:1512.01100},
  year={2015}
}

@inproceedings{hameed2019computationally,
  title={A computationally efficient BiLSTM based approach for the binary sentiment classification},
  author={Hameed, Zabit and Garcia-Zapirain, Begonya and Ruiz, Ibon Oleagordia},
  booktitle={2019 IEEE International Symposium on Signal Processing and Information Technology (ISSPIT)},
  pages={1--4},
  year={2019},
  organization={IEEE}
}

@INPROCEEDINGS{LR_and_NB_2017,
  author={Prabhat, Anjuman and Khullar, Vikas},
  booktitle={2017 International Conference on Computer Communication and Informatics (ICCCI)}, 
  title={Sentiment classification on big data using Naïve bayes and logistic regression}, 
  year={2017},
  volume={},
  number={},
  pages={1-5},
  keywords={Logistics;Machine learning algorithms;Classification algorithms;Text categorization;Clustering algorithms;File systems;Big Data;Sentiment Classification;Naïve Bayes;Logistic Regression},
  doi={10.1109/ICCCI.2017.8117734}}